<record xmlns="http://www.loc.gov/MARC21/slim" xmlns:xsi="http://www.w3.org/2001/XMLSchema-instance" xsi:schemaLocation="http://www.loc.gov/MARC21/slim http://www.loc.gov/standards/marcxml/schema/MARC21slim.xsd"><leader>     nam a22        4500</leader><controlfield tag="001">3072850</controlfield><controlfield tag="003">NNC</controlfield><controlfield tag="006">m        d        </controlfield><controlfield tag="007">cr cn |||m|||a</controlfield><controlfield tag="008">150601s1934    ua      od    000 0 arard</controlfield><datafield ind1=" " ind2=" " tag="040"><subfield code="a">NNU</subfield><subfield code="b">eng</subfield><subfield code="e">rda</subfield><subfield code="c">NNU</subfield></datafield><datafield ind1="1" ind2="4" tag="050"><subfield code="a">PJ6622</subfield><subfield code="b">.A75 1934</subfield></datafield><datafield ind1="1" ind2=" " tag="100"><subfield code="6">880-01</subfield><subfield code="a">&#699;Askari&#772;, Abu&#772; Hila&#772;l al-H&#803;asan ibn &#699;Abd Alla&#772;h. </subfield></datafield><datafield ind1="1" ind2="3" tag="245"><subfield code="6">880-02</subfield><subfield code="a">al-mu&#699;jam fi&#772; baqi&#772;yat al-ashya&#772;&#700; /</subfield><subfield code="c">li-Abi&#772; Hila&#772;l al-&#699;Askari&#772; akmalahu wa-&#699;allaqa &#699;alayhi wa-d&#803;abat&#803;ahu Ibra&#772;hi&#772;m al-Ibya&#772;ri&#772; ... &#699;Abd al-H&#803;afi&#772;z&#803; Shalabi&#772;.</subfield></datafield><datafield ind1=" " ind2=" " tag="250"><subfield code="6">880-03</subfield><subfield code="a">al-T&#803;ab&#699;ah 1.</subfield></datafield><datafield ind1=" " ind2=" " tag="260"><subfield code="6">880-04</subfield><subfield code="a">al-Qa&#772;hirah :</subfield><subfield code="b">Mat&#803;ba&#699;at da&#772;r al-kutub al- Mis&#803;ri&#772;yah,</subfield><subfield code="c">1934.</subfield></datafield><datafield ind1=" " ind2=" " tag="300"><subfield code="a">online resource (174 pages)</subfield></datafield><datafield ind1=" " ind2=" " tag="336"><subfield code="a">text</subfield><subfield code="2">rdacontent</subfield></datafield><datafield ind1=" " ind2=" " tag="337"><subfield code="a">computer</subfield><subfield code="2">rdamedia</subfield></datafield><datafield ind1=" " ind2=" " tag="338"><subfield code="a">online resource</subfield><subfield code="2">rdacarrier</subfield></datafield><datafield ind1=" " ind2=" " tag="500"><subfield code="a">Part of the Arabic Collections Online (ACO) project, contributed by Columbia University Libraries.</subfield></datafield><datafield ind1=" " ind2=" " tag="533"><subfield code="a">Electronic reproduction.</subfield><subfield code="b">New York, N.Y. :</subfield><subfield code="c">New York University,</subfield><subfield code="d">2015.</subfield><subfield code="5">NNU</subfield></datafield><datafield ind1=" " ind2="0" tag="650"><subfield code="a">Arabic language</subfield><subfield code="v">Dictionaries.</subfield></datafield><datafield ind1=" " ind2="7" tag="650"><subfield code="a">Arabic language.</subfield><subfield code="2">fast</subfield><subfield code="0">(OCoLC)fst00812287</subfield></datafield><datafield ind1=" " ind2="7" tag="655"><subfield code="a">Dictionaries.</subfield><subfield code="2">fast</subfield><subfield code="0">(OCoLC)fst01423826</subfield></datafield><datafield ind1="1" ind2=" " tag="700"><subfield code="6">880-05</subfield><subfield code="a">Ibya&#772;ri&#772;, Ibra&#772;hi&#772;m. </subfield></datafield><datafield ind1="1" ind2=" " tag="700"><subfield code="6">880-06</subfield><subfield code="a">Shalabi&#772;, &#699;Abd al-H&#803;afi&#772;z&#803;. </subfield></datafield><datafield ind1="2" ind2=" " tag="710"><subfield code="a">Columbia University.</subfield><subfield code="b">Libraries.</subfield></datafield><datafield ind1="0" ind2=" " tag="730"><subfield code="a">Arabic Collections Online.</subfield></datafield><datafield ind1="0" ind2="8" tag="776"><subfield code="i">Print version:</subfield><subfield code="a">&#699;Askari&#772;, Abu&#772; Hila&#772;l al-H&#803;asan ibn &#699;Abd Alla&#772;h.</subfield><subfield code="t">al-mu&#699;jam fi&#772; baqi&#772;yat al-ashya&#772;&#700;</subfield><subfield code="w">(NNC)3072850</subfield><subfield code="w">(OCoLC)31217535</subfield></datafield><datafield ind1="4" ind2="0" tag="856"><subfield code="u">http://hdl.handle.net/2333.1/m63xsmjm</subfield></datafield><datafield ind1="1" ind2=" " tag="880"><subfield code="6">100-01/r</subfield><subfield code="a">&#1593;&#1587;&#1603;&#1585;&#1609;&#1548; &#1571;&#1576;&#1608; &#1607;&#1604;&#1575;&#1604; &#1575;&#1604;&#1581;&#1587;&#1606; &#1576;&#1606; &#1593;&#1576;&#1583; &#1575;&#1604;&#1604;&#1607;.</subfield></datafield><datafield ind1="1" ind2="2" tag="880"><subfield code="6">245-02/r</subfield><subfield code="a">&#1575;&#1604;&#1605;&#1593;&#1580;&#1605; &#1601;&#1609; &#1576;&#1602;&#1610;&#1577; &#1575;&#1604;&#1571;&#1588;&#1610;&#1575;&#1569; /</subfield><subfield code="c">&#1604;&#1571;&#1576;&#1609; &#1607;&#1604;&#1575;&#1604; &#1575;&#1604;&#1593;&#1587;&#1603;&#1585;&#1609; &#1563; &#1571;&#1603;&#1605;&#1604;&#1607; &#1608;&#1593;&#1604;&#1602; &#1593;&#1604;&#1610;&#1607; &#1608;&#1590;&#1576;&#1591;&#1607; &#1575;&#1576;&#1585;&#1575;&#1576;&#1585;&#1607;&#1610;&#1605; &#1575;&#1604;&#1575;&#1576;&#1610;&#1575;&#1585;&#1609;&#1548; &#1593;&#1576;&#1583;&#1575;&#1604;&#1581;&#1601;&#1610;&#1592; &#1588;&#1604;&#1576;&#1609;.</subfield></datafield><datafield ind1=" " ind2=" " tag="880"><subfield code="6">250-03/r</subfield><subfield code="a">&#1575;&#1604;&#1591;&#1576;&#1593;&#1577; 1.</subfield></datafield><datafield ind1=" " ind2=" " tag="880"><subfield code="6">260-04/r</subfield><subfield code="a">&#1575;&#1604;&#1602;&#1575;&#1607;&#1585;&#1577; :</subfield><subfield code="b">&#1605;&#1591;&#1576;&#1593;&#1577; &#1583;&#1575;&#1585; &#1575;&#1604;&#1603;&#1578;&#1576; &#1575;&#1604;&#1605;&#1589;&#1585;&#1610;&#1577;&#1548;</subfield><subfield code="c">1934.</subfield></datafield><datafield ind1="1" ind2=" " tag="880"><subfield code="6">700-05/r</subfield><subfield code="a">&#1575;&#1576;&#1610;&#1575;&#1585;&#1610;&#1548; &#1575;&#1576;&#1585;&#1575;&#1607;&#1610;&#1605;. </subfield></datafield><datafield ind1="1" ind2=" " tag="880"><subfield code="6">700-06/r</subfield><subfield code="a">&#1588;&#1604;&#1576;&#1610;&#1548; &#1593;&#1576;&#1583; &#1575;&#1604;&#1581;&#1601;&#1610;&#1592;.</subfield></datafield><datafield ind1=" " ind2=" " tag="959"><subfield code="a">NNU</subfield><subfield code="b">WEB</subfield><subfield code="c">GENI</subfield><subfield code="t">0</subfield><subfield code="m">Electronic access</subfield><subfield code="s">01</subfield></datafield><datafield ind1=" " ind2=" " tag="999"><subfield code="i">NNC_3072850</subfield><subfield code="o">(OCoLC)ocm31217535</subfield><subfield code="s">columbia_aco000463</subfield><subfield code="e">(ERROR-880)</subfield><subfield code="s">columbia_aco000463</subfield></datafield></record>